<record xmlns="http://www.loc.gov/MARC21/slim" xmlns:xsi="http://www.w3.org/2001/XMLSchema-instance" xsi:schemaLocation="http://www.loc.gov/MARC21/slim http://www.loc.gov/standards/marcxml/schema/MARC21slim.xsd"><leader>01948nam a2200385   4500</leader><controlfield tag="001">001682333</controlfield><controlfield tag="003">NNU</controlfield><controlfield tag="006">m        d        </controlfield><controlfield tag="007">cr cn |||m|||a</controlfield><controlfield tag="008">150223m19539999mr      ob    000 0 ara d</controlfield><datafield ind1=" " ind2=" " tag="040"><subfield code="a">NNU</subfield><subfield code="b">eng</subfield><subfield code="c">NNU</subfield></datafield><datafield ind1=" " ind2="4" tag="050"><subfield code="a">BP80.I215</subfield><subfield code="b">B56 1953</subfield></datafield><datafield ind1="1" ind2=" " tag="100"><subfield code="6">880-01</subfield><subfield code="a">Bin-&#699;Abd All&#257;h, &#699;Abd al-&#699;Az&#299;z</subfield></datafield><datafield ind1="1" ind2="3" tag="245"><subfield code="6">880-02</subfield><subfield code="a">al-Falsafah wa-al-akhla&#772;q &#699;inda Ibn al-Khat&#803;i&#772;b</subfield><subfield code="h">[electronic resource] /</subfield><subfield code="c">bi-qalam &#699;Abd al-&#699;Azi&#772;z ibn &#699;Abd Alla&#772;h.</subfield></datafield><datafield ind1=" " ind2=" " tag="260"><subfield code="6">880-03</subfield><subfield code="a">Tit&#803;wa&#772;n :</subfield><subfield code="b">Da&#772;r al-T&#803;iba&#772;&#699;ah al-Maghribi&#772;yah,</subfield><subfield code="c">1953-</subfield></datafield><datafield ind1=" " ind2=" " tag="300"><subfield code="a">online resource (v.)</subfield></datafield><datafield ind1=" " ind2=" " tag="500"><subfield code="a">Title on p. [4] of cover: La filosofi&#769;a y la moral en Ibn Al-Jat&#803;i&#772;b.</subfield></datafield><datafield ind1=" " ind2=" " tag="500"><subfield code="a">Part of the Arabic Collections Online (ACO) project, contributed by New York Univeristy Libraries.</subfield></datafield><datafield ind1=" " ind2=" " tag="504"><subfield code="a">Includes bibliographical references.</subfield></datafield><datafield ind1=" " ind2=" " tag="533"><subfield code="a">Electronic reproduction.</subfield><subfield code="b">New York, N.Y. :</subfield><subfield code="c">New York University,</subfield><subfield code="d">2015.</subfield><subfield code="5">NNU</subfield></datafield><datafield ind1="0" ind2="0" tag="600"><subfield code="6">880-04</subfield><subfield code="a">Ibn al-Khat&#803;i&#772;b,</subfield><subfield code="d">1313-1374.</subfield></datafield><datafield ind1=" " ind2="0" tag="650"><subfield code="a">Islamic philosophy.</subfield></datafield><datafield ind1="0" ind2="7" tag="600"><subfield code="a">Ibn al-Khat&#803;i&#772;b,</subfield><subfield code="d">1313-1374.</subfield><subfield code="2">fast</subfield><subfield code="0">(OCoLC)fst01898264</subfield></datafield><datafield ind1=" " ind2="7" tag="650"><subfield code="a">Islamic philosophy.</subfield><subfield code="2">fast</subfield><subfield code="0">(OCoLC)fst01730358</subfield></datafield><datafield ind1="2" ind2=" " tag="710"><subfield code="a">New York University.</subfield><subfield code="b">Libraries.</subfield></datafield><datafield ind1="0" ind2=" " tag="730"><subfield code="a">Arabic Collections Online.</subfield></datafield><datafield ind1="0" ind2=" " tag="740"><subfield code="a">Filosofia y la moral en Ibn Al-Jat&#803;i&#772;b.</subfield></datafield><datafield ind1="0" ind2="8" tag="776"><subfield code="i">Print version:</subfield><subfield code="a">Bin-&#699;Abd All&#257;h, &#699;Abd al-&#699;Az&#299;z 880-01</subfield><subfield code="t">al-Falsafah wa-al-akhla&#772;q &#699;inda Ibn al-Khat&#803;i&#772;b</subfield><subfield code="w">(NNU)001682333</subfield></datafield><datafield ind1="4" ind2="0" tag="856"><subfield code="u">http://hdl.handle.net/2333.1/g1jwsx0b</subfield></datafield><datafield ind1="1" ind2=" " tag="880"><subfield code="6">100-01/</subfield><subfield code="a">&#1576;&#1606;&#1593;&#1576;&#1583; &#1575;&#1604;&#1604;&#1607;&#1548; &#1593;&#1576;&#1583; &#1575;&#1604;&#1593;&#1586;&#1610;&#1586;.</subfield></datafield><datafield ind1="1" ind2="2" tag="880"><subfield code="6">245-02/</subfield><subfield code="a">&#1575;&#1604;&#1601;&#1604;&#1587;&#1601;&#1577; &#1608;&#1575;&#1604;&#1571;&#1582;&#1604;&#1575;&#1602; &#1593;&#1606;&#1583; &#1573;&#1576;&#1606; &#1575;&#1604;&#1582;&#1591;&#1610;&#1576; /</subfield><subfield code="c">&#1576;&#1602;&#1604;&#1605; &#1593;&#1576;&#1583; &#1575;&#1604;&#1593;&#1586;&#1610;&#1586; &#1576;&#1606; &#1593;&#1576;&#1583; &#1575;&#1604;&#1604;&#1607;.</subfield></datafield><datafield ind1=" " ind2=" " tag="880"><subfield code="6">260-03/</subfield><subfield code="a">&#1578;&#1591;&#1608;&#1575;&#1606; :</subfield><subfield code="b">&#1583;&#1575;&#1585; &#1575;&#1604;&#1591;&#1576;&#1575;&#1593;&#1577; &#1575;&#1604;&#1605;&#1594;&#1585;&#1576;&#1610;&#1577;&#1548;</subfield><subfield code="c">1953-</subfield></datafield><datafield ind1="0" ind2="4" tag="880"><subfield code="6">600-04/</subfield><subfield code="a">&#1575;&#1576;&#1606; &#1575;&#1604;&#1582;&#1591;&#1610;&#1576;&#1548;</subfield><subfield code="d">1313-1374.</subfield></datafield><datafield ind1=" " ind2=" " tag="959"><subfield code="a">NNU</subfield><subfield code="b">WEB</subfield><subfield code="c">GENI</subfield><subfield code="t">0</subfield><subfield code="m">Electronic access</subfield><subfield code="s">01</subfield></datafield><datafield ind1=" " ind2=" " tag="999"><subfield code="i">NNU_001682333</subfield><subfield code="s">nyu_aco000435</subfield></datafield></record>